@misc{jonshon,
  title = "Johnson's alrogithm",
  howpublished = "online",
  url = "http://en.wikipedia.org/wiki/Johnson%27s_algorithm"
}

@misc{gal,
  title = "Grafové algoritmy",
  author = "Zbyněk Křivka, Tomáš Masopust",
  howpublished = "online",
  url = "https://www.fit.vutbr.cz/study/courses/GAL/public/gal-slides.pdf"
}

@misc{python,
  title = "Python v2.7.6 documentation",
  howpublished = "online",
  url = "http://docs.python.org/2/index.html"
}

@misc{tkinter,
  title = "Tkinter Documentation",
  howpublished = "online",
  url = "https://wiki.python.org/moin/TkInter"
}